
@online{engineering_toolbox_water_????,
	title = {Water - Thermodynamic Properties},
	url = {https://www.engineeringtoolbox.com/water-thermal-properties-d_162.html},
	author = {{Engineering Toolbox}},
	urldate = {2017-11-19},
	file = {Water - Thermodynamic Properties:/home/dkadkf/Zotero/storage/MMFDIJYJ/water-thermal-properties-d_162.html:text/html}
}

@incollection{theodore_steam_2009,
	title = {Steam Tables},
	rights = {Copyright © 2009 John Wiley \& Sons, Inc.},
	isbn = {978-0-470-45159-5},
	url = {http://onlinelibrary.wiley.com/doi/10.1002/9780470451595.app1/summary},
	abstract = {This appendix contains sections titled:


*
Steam Tables


*
{SI} Units


*
Conversion Constants


*
Selected Common Abbreviations


*
References},
	pages = {391--407},
	booktitle = {Thermodynamics for the Practicing Engineer},
	publisher = {John Wiley \& Sons, Inc.},
	author = {Theodore, Louis and Ricci, Francesco and Van Vliet, Timothy},
	urldate = {2017-11-20},
	date = {2009},
	langid = {english},
	note = {{DOI}: 10.1002/9780470451595.app1},
	file = {Full Text PDF:/home/dkadkf/Zotero/storage/ZGYCUXF6/Theodore et al. - 2009 - Appendix.pdf:application/pdf;Snapshot:/home/dkadkf/Zotero/storage/WAKLRQJF/summary.html:text/html}
}

@book{moran_fundamentals_2010,
	title = {Fundamentals of engineering thermodynamics},
	publisher = {John Wiley \& Sons},
	author = {Moran, Michael J. and Shapiro, Howard N. and Boettner, Daisie D. and Bailey, Margaret B.},
	date = {2010},
	file = {Snapshot:/home/dkadkf/Zotero/storage/DHAUQ2NL/books.html:text/html}
}

@book{wagner_iapws-if97_2008,
	title = {{IAPWS}-{IF}’97 International Steam Tables: Properties of Water and Steam},
	shorttitle = {{IAPWS}-{IF}’97 International Steam Tables},
	publisher = {Springer, Berlin},
	author = {Wagner, W. and Kretzschmar, H. J.},
	date = {2008}
}

@software{romera_iapws:_2017,
	title = {iapws: python libray for {IAPWS} standard calculation of water and steam properties},
	rights = {{GPL}-3.0},
	url = {https://github.com/jjgomera/iapws},
	shorttitle = {iapws},
	author = {Romera, Juan José Gómez},
	urldate = {2017-11-20},
	date = {2017-11-14},
	note = {original-date: 2014-05-05T21:34:44Z},
	file = {Snapshot:/home/dkadkf/Zotero/storage/3PSUFNJ9/iapws.html:text/html}
}

@article{ronchi_thermal_1999,
	title = {Thermal conductivity of uranium dioxide up to 2900 K from simultaneous measurement of the heat capacity and thermal diffusivity},
	volume = {85},
	pages = {776--789},
	number = {2},
	journaltitle = {Journal of Applied Physics},
	author = {Ronchi, C. and Sheindlin, M. and Musella, M. and Hyland, G. J.},
	date = {1999},
	file = {Fulltext:/home/dkadkf/Zotero/storage/Y5G28QHA/scholar.html:text/html;Snapshot:/home/dkadkf/Zotero/storage/8ZKG4TAK/1.html:text/html}
}

@report{acree_phase_????,
	location = {Gaithersburg, {MD}},
	title = {Phase Transition Enthalpy Measurements of Organic and Organometallic Compounds},
	number = {69},
	institution = {National Institute of Standards and Technology},
	author = {Acree, W.E. and Chickos, J.S.},
	urldate = {2017-12-03},
	note = {doi:10.18434/T4D303}
}